<?xml version="1.0" encoding="UTF-8"?><collection xmlns="http://www.loc.gov/MARC21/slim"><record><leader>00392nam--2200133-i-4500</leader><controlfield tag="001">000025405</controlfield><controlfield tag="002">20161230</controlfield><controlfield tag="005">20161230201035</controlfield><controlfield tag="008">060222s1000------------r-----000-0-eng-d</controlfield><datafield ind1=" " ind2=" " tag="080"><subfield code="a">541.42:539.12.04</subfield></datafield><datafield ind1=" " ind2=" " tag="100"><subfield code="a">Johnson, Everett R</subfield></datafield><datafield ind1=" " ind2=" " tag="245"><subfield code="a">The radiation-induced decomposition of inorganic molecular ions</subfield></datafield><datafield ind1=" " ind2=" " tag="260"><subfield code="a">New York, Gordon And Breach Science Publ., 1970. Ix+144p</subfield></datafield><datafield ind1=" " ind2=" " tag="852"><subfield code="a">42347</subfield></datafield></record></collection>